@article{guerra2015psychoactive,
  title={Psychoactive substances in prehistoric times: examining the archaeological evidence},
  author={Guerra-Doce, Elisa},
  journal={Time and Mind},
  volume={8},
  number={1},
  pages={91--112},
  year={2015},
  publisher={Taylor \& Francis}
}
@article{aday2020psychedelics,
  title={Psychedelics and virtual reality: parallels and applications},
  author={Aday, Jacob S and Davoli, Christopher C and Bloesch, Emily K},
  journal={Therapeutic Advances in Psychopharmacology},
  volume={10},
  pages={2045125320948356},
  year={2020},
  publisher={SAGE Publications Sage UK: London, England}
}
@article{studerus2010psychometric,
  title={Psychometric evaluation of the altered states of consciousness rating scale (OAV)},
  author={Studerus, Erich and Gamma, Alex and Vollenweider, Franz X},
  journal={PloS one},
  volume={5},
  number={8},
  pages={e12412},
  year={2010},
  publisher={Public Library of Science San Francisco, USA}
}
